@book{Drzew,
    author = {Peter Wohlleben},
    title = {Sekretne Życie Drzew},
    publisher = {Kraków : Wydawnictwo Otwarte},
    year = 2016,
}
@article{palenieJestzłe,
    author = {Violaine Saint-André i inni},
    title = {Smoking changes adaptive immunity with persistent effects},
    journal = {Nature},
    year = 2024,
}
@article{Konopie,
    author = {Ava Bachari i inni},
    title = {Evaluating the Mechanism of Cell Death in Melanoma Induced by the Cannabis Extract PHEC-66},
    journal = {Cells},
    year = 2024,
}
@conference{Partycypacja,
    author    = "Andreas Billert",
    title     = "Międzynarodowa Konferencja w Warszawie: Partycypacja Społeczna",
    booktitle = "Partycypacja społeczna i jej udział w przygotowywaniu Miejskiego Programu Rewitalizacji (MPR) w Poznaniu",
    year      = "2006",
}
@unpublished{Ola,
	author	= "Aleksandra",
	title	= "Moje życie",
	note	= "Książka, która nigdy nie zostanie opublikowana",
}
@techreport{zamałotychtestów,
    author    = "Tiago Fragoso i inni",
    title     = "PISA for schools",
    institution = "The Organization for Economic Co-operation and Development (OECD)",
    year      = "2022",
}