@article{small,
    author = {Freely, I.P.},
    title = {A small paper},
    journal = {The journal of small papers},
    year = 1997,
    volume = {-1},
    note = {to appear},
}
@article{big,
    author = {Jass, Hugh},
    title = {A big paper},
    journal = {The journal of big papers},
    year = 7991,
    volume = {MCMXCVII},
}
@book{Latex,
    author = {Jan Fowalski},
    title = {Cos tam o Latex-u},
    publisher = {Wydawnictwo PWN},
    year = 2016,
}